% Bibliografía
% Este fichero contiene la bibliografía de la memoria
% Está en un formato que se conoce como BibTex.
% Hay muchos sitios web que exportan referencias en formato BibTeX. 
% Prueba a buscar en http://scholar.google.com por referencias
% y verás que lo puedes hacer de manera sencilla.
% Más información: 
% http://texblog.org/2014/04/22/using-google-scholar-to-download-bibtex-citations/
% Existen varias posibilidades para referenciar diferentes tipos de documentos,
% ya que los datos necesarios varían. Así, existen formatos de entrada para
%     * libros (book)
%     * artículos en revistas de investigación (article)
%     * capítulos de libro (incollection)
%     * informes técnicos (techreport)
%     * otros (misc)
%
% Las páginas web deberían ir como misc.
% Una última cosa: no referencias nunca la WikiPedia
% La WikiPedia, como buena enciclopedia, no es fuente primaria.
% Si acaso, busca por citas en la WikiPedia (que sí ha de referenciar fuentes
% primarias) y haz referencia a las mismas.


%% Books

@book{Warden2020,
  author = {Peter Warden},
  title  = {Tinyml: Machine Learning with Tensorflow Lite on Arduino and Ultra-Low-Power Microcontrollers},
  address = {1005 Gravenstein Highway North, Sebastopol, CA 95472},
  publisher = {O'Reilly Media Inc.},
  year   = {2020},
  isbn   = {978-1492052043}
}

@book{Russell2020,
  author    = {Stuart Russell and
               Peter Norvig},
  title     = {Artificial Intelligence: {A} Modern Approach},
  edition   = {4},
  publisher = {Pearson},
  year      = {2020},
  isbn      = {9780134610993}
}

@book{Dasu2003,
  author = {Dasu, T. and Johnson, T.},
  publisher = {John Wiley \& Sons},
  title = {Exploratory data mining and data cleaning (Vol. 479)},
  year = {2003}
}

@book{Pyle1999,
  author = {Pyle, Dorian},
  publisher = {Morgan Kaufmann},
  title = {Data preparation for data mining},
  year = {1999}
}

@book{Flach2012,
  author    = {Peter A. Flach},
  title     = {Machine Learning. The Art and Science of Algorithms 
  that Make Sense of Data},
  publisher = {Cambridge University Press},
  year      = {2012},
  isbn      = {978-1-10-742222-3}
}

@book{James2021,
  author    = {Gareth James and Daniela Witten and 
               Trevor Hastie and Robert Tibshirani},
  title     = {An Introduction to Statistical Learning},
  edition   = {2},
  series    = {Springer Texts in Statistics},
  publisher = {Springer},
  year      = {2009},
  doi       = {10.1007/978-1-0716-1418-1},
  isbn      = {978-1-0716-1417-4}
}

%%-- Duda, Hart, Stork 2001 Pattern Classification

@book{Duda2001,
  title={Pattern Classification},
  author={Duda, Richard O. and Hart, Peter E. and Stork, David G.},
  year={2001},
  edition={2},
  publisher={John Wiley \& Sons}
}

@book{Watt2020,
  title  = {Machine Learning Refined: Foundations, Algorithms, and Applications},
  authors = {Jeremy Watt and Reza Borhani and
             Aggelos K. Katsaggelos},
  year = {2020},
  edition = {2020},
  publisher = {Cambridge University Press},
  isbn = {978-1108480727}
}


%% Articles

@article{Fawcett06,
  author    = {Tom Fawcett},
  title     = {An introduction to {ROC} analysis},
  journal   = {Pattern Recognition Letters},
  volume    = {27},
  number    = {8},
  pages     = {861--874},
  year      = {2006},
  doi       = {10.1016/j.patrec.2005.10.010}
}

@article{Garcia-Martin2019,
  author    = {Eva Garc{\'{\i}}a{-}Mart{\'{\i}}n and
               Crefeda Faviola Rodrigues and
               Graham D. Riley and
               H{\aa}kan Grahn},
  title     = {Estimation of energy consumption in machine learning},
  journal   = {Journal of Parallel and Distributed Computing},
  volume    = {134},
  pages     = {75--88},
  year      = {2019},
  doi       = {10.1016/j.jpdc.2019.07.007}
}

@article{Khan2019,
  author    = {Wazir Zada Khan and
               Ejaz Ahmed and
               Saqib Hakak and
               Ibrar Yaqoob and
               Arif Ahmed},
  title     = {Edge computing: {A} survey},
  journal   = {Future Generation Computers Systems},
  volume    = {97},
  pages     = {219--235},
  year      = {2019},
  doi       = {10.1016/j.future.2019.02.050}
}

@article{Rose2015,
  title={The Internet of Things: An Overview},
  author={Rose, Karen and Eldridge, Scott and Chapin, Lyman},
  journal={The Internet Society ({ISOC})},
  volume={80},
  pages={1--50},
  year={2015},
  publisher={Reston, VA}
}

%% Manuals

@online{InstructionsRasp,
    title={Get started with Okdo Pi kit},
    url={https://www.okdo.com/getstarted/},
    organization={Okdo},
    author={Okdo},
    urldate={2022-02-16}
}    

@online{DataSetOccupancy,
    title={Room Occupancy detection data (IoT sensor)},
    url={https://www.kaggle.com/kukuroo3/room-occupancy-detection-data-iot-sensor},
    organization={Kaggle},
    author={kukuroo3},
    urldate={2022-02-14}
} 

@online{DataSetKddCup99,
    title={KDD Cup 1999 Data},
    url={https://www.kaggle.com/datasets/galaxyh/kdd-cup-1999-data},
    organization={University of California, Irvine},
    author={University of California, Irvine},
} 

@online{MiniforgeGit,
    title={Miniforge},
    url={https://github.com/conda-forge/miniforge},
    organization={Conda-forge},
    author={Conda-forge},
    urldate={2022-02-14}
} 

@online{IntroductionPC, 
  title={Introduction to Parallel Computing}, 
  url={https://computing.llnl.gov/tutorials/parallel_comp/#Whatis},
  organization={Lawrence Livermore National Laboratory}, 
  author={Blaise, Barney},
  urldate={2021-03-09}
}

@online{MulticlassToBinary, 
  title={kdd-cup-99-Analysis-machine-learning-python}, 
  url={https://github.com/uptodiff/kdd-cup-99-Analysis-machine-learning-python/blob/master/kdd_binary_classification_naive_bayes.py},
  organization={uptodiff}, 
  author={uptodiff},
}

@online{dataSetTreatment, 
  title={kdd-cup-99-python}, 
  url={https://github.com/timeamagyar/kdd-cup-99-python/blob/master/kdd%20preprocessing.ipynb},
  organization={timeamagyar}, 
  author={timeamagyar},
  urldate={2022-03-02}
}

@manual{missing_data, 
  title={Missing Data}, 
  url={https://cran.r-project.org/web/packages/finalfit/vignettes/missing.html},
  organization={CRAN Project},
  author={Harrison, Ewen},
  urldate={2022-03-02}
}

%% Misc
@online{daskCoreDevelopers, 
  title={Dask Project: Scalable analytics in Python}, 
  url={https://dask.org/},
  organization={Dask project},
  author={Dask core developers},
  urldate={2021-03-09}
}

@online{daskDocumentation, 
  title={Dask Documentation}, 
  url={https://docs.dask.org},
  organization={Dask project}, 
  author={Dask core developers},
  urldate={2022-03-09}
}

@online{pandasDocumentation, 
  title={Pandas Documentation}, 
  url={https://pandas.pydata.org/pandas-docs/stable/index.html},
  organization={Pandas project},
  author={Pandas core developers},
  urldate={2022-03-09}
}

@online{LogisticRegressionDoc, 
  title={Logistic Regression Documentation}, 
  url={https://scikit-learn.org/stable/modules/generated/sklearn.linear_model.LogisticRegression.html},
  organization={Scikit-learn},
  author={Scikit-learn developers},
  urldate={2022-03-09}
}

@online{SVMDocumentation, 
  title={Support Vector Machine Documentation}, 
  url={https://scikit-learn.org/stable/modules/svm.html},
  organization={Scikit-learn},
  author={Scikit-learn developers},
  urldate={2022-03-09}
}

@online{GradientTreeBDoc, 
  title={Gradient Tree Boosting Documentation}, 
  url={https://scikit-learn.org/stable/modules/generated/sklearn.ensemble.GradientBoostingClassifier.html},
  organization={Scikit-learn},
  author={Scikit-learn developers},
  urldate={2022-03-09}
}


@online{RandomForestDoc, 
  title={Random Forest Documentation}, 
  url={https://scikit-learn.org/stable/modules/generated/sklearn.ensemble.RandomForestClassifier.html},
  organization={Scikit-learn},
  author={Scikit-learn developers},
  urldate={2022-03-09}
}

@online{apacheSparkProject, 
  title={Apache Spark project}, 
  url={https://spark.apache.org},
  organization={Apache Spark project},
  author={Dask core developers},
  urldate={2021-03-09}
}

@online{kaggleSurvey, 
  title={Programming Languages Most Used and Recommended by Data Scientists}, 
  url={https://businessoverbroadway.com/2019/01/13/programming-languages-most-used-and-recommended-by-data-scientists/},
  organization={Business Broadway}, 
  author={Bob Hayes},
  urldate={2022-03-09}
}

@online{timeDoc, 
  title={Wall clock time, user cpu time, system cpu time}, 
  url={https://blog.birost.com/a?ID=01800-7bdbe302-db59-4f81-bfa0-aa56e7c5cf5c},
  organization={Birost}, 
  author={Birost},
  urldate={2022-03-09}
}

@online{totalmicrocontroladores, 
  title={Why TInyML is a giant opportunity}, 
  url={https://venturebeat.com/2020/01/11/why-tinyml-is-a-giant-opportunity/},
  organization={VentureBeat}, 
  author={Huston Collins},
}

@online{TinyML, 
  title={Tiny Machine Learning: The Next AI Revolution}, 
  url={https://towardsdatascience.com/tiny-machine-learning-the-next-ai-revolution-495c26463868},
  author={Matthew Stewart},
}

@online{Miniforge, 
  title={Miniforge}, 
  url={https://github.com/conda-forge/miniforge},
  organization={conda-forge},
}


